@MISC{ims,
        author =       "{Peter Peringer, Martin Hrubý}",
        title =        "{\it Modelování a simulace}",
        url =          "https://www.fit.vutbr.cz/study/courses/IMS/public/prednasky/IMS.pdf",
        note =         "[Online]"
}